%! Licence = CC BY-NC-SA 4.0

%! Author = mariuszindel
%! Date = 24. Feb 2021
%! Project = Latex-documentation-template


@techreport{nist-digital-identity-guidelines,
  title       = {Digital Identity Guidelines},
  author      = {Paul A. Grassi},
  institution = {NIST},
  address     = {Gaithersburg, Maryland, United States},
  number      = {DOI: 10.6028/NIST.SP.800-63b},
  year        = 2022,
  month       = apr
}

@manual{wazuh-documentation,
  author       = {Wazuh-Team},
  title        = {Wazuh Dokumentation}
}

@techreport{sans-incident-handler-handbook,
  title       = {Incident Handler's Handbook},
  author      = {Patrick Kral},
  institution = {SANS},
  address     = {United States},
  year        = 2012,
  month       = feb
}