%! Licence = CC BY-NC-SA 4.0

%! Author = mariuszindel
%! Date = 24. Feb 2021
%! Project = Latex-documentation-template


